@article{peleg2011microbial,
  title={Microbial growth curves: what the models tell us and what they cannot},
  author={Peleg, Micha and Corradini, Maria G},
  journal={Critical reviews in food science and nutrition},
  volume={51},
  number={10},
  pages={917--945},
  year={2011},
  publisher={Taylor \& Francis}
}


@article{baranyi1994dynamic,
  title={A dynamic approach to predicting bacterial growth in food},
  author={Baranyi, J{\'o}zsef and Roberts, Terry A},
  journal={International journal of food microbiology},
  volume={23},
  number={3-4},
  pages={277--294},
  year={1994},
  publisher={Elsevier}
}


@article{perni2005estimating,
  title={Estimating the maximum growth rate from microbial growth curves: definition is everything},
  author={Perni, Stefano and Andrew, Peter W and Shama, Gilbert},
  journal={Food microbiology},
  volume={22},
  number={6},
  pages={491--495},
  year={2005},
  publisher={Elsevier}
}



@article{zwietering1990modeling,
  title={Modeling of the bacterial growth curve},
  author={Zwietering, MH and Jongenburger, Il and Rombouts, FM and Van't Riet, KJAEM},
  journal={Applied and environmental microbiology},
  volume={56},
  number={6},
  pages={1875--1881},
  year={1990},
  publisher={Am Soc Microbiol}
}


@article{baranyi1993non,
  title={A non-autonomous differential equation to model bacterial growth},
  author={Baranyi, J and Roberts, TA and McClure, P},
  journal={Food microbiology},
  volume={10},
  number={1},
  pages={43--59},
  year={1993},
  publisher={Elsevier Science}
}


@book{mckellar2003modeling,
  title={Modeling microbial responses in food},
  author={McKellar, Robin C and Lu, Xuewen},
  year={2003},
  publisher={CRC press}
}


@article{pla2015comparison,
  title={Comparison of primary models to predict microbial growth by the plate count and absorbance methods},
  author={Pla, Mar{\'\i}a-Leonor and Oltra, Sandra and Esteban, Mar{\'\i}a-Dolores and Andreu, Santiago and Palop, Alfredo},
  journal={BioMed research international},
  volume={2015},
  year={2015},
  publisher={Hindawi}
}


@article{lopez2004statistical,
  title={Statistical evaluation of mathematical models for microbial growth},
  author={L{\'o}pez, Sophie and Prieto, M and Dijkstra, Jan and Dhanoa, Mewa Singh and France, Jim},
  journal={International journal of food microbiology},
  volume={96},
  number={3},
  pages={289--300},
  year={2004},
  publisher={Elsevier}
}

@article{levins1966strategy,
  title={The strategy of model building in population biology},
  author={Levins, Richard},
  journal={American scientist},
  volume={54},
  number={4},
  pages={421--431},
  year={1966},
  publisher={JSTOR}
}

@article{johnson2004model,
  title={Model selection in ecology and evolution},
  author={Johnson, Jerald B and Omland, Kristian S},
  journal={Trends in ecology \& evolution},
  volume={19},
  number={2},
  pages={101--108},
  year={2004},
  publisher={Elsevier}
}

@book{motulsky2004fitting,
  title={Fitting models to biological data using linear and nonlinear regression: a practical guide to curve fitting},
  author={Motulsky, Harvey and Christopoulos, Arthur},
  year={2004},
  publisher={Oxford University Press}
}

@article{bolker2013strategies,
  title={Strategies for fitting nonlinear ecological models in R, AD M odel B uilder, and BUGS},
  author={Bolker, Benjamin M and Gardner, Beth and Maunder, Mark and Berg, Casper W and Brooks, Mollie and Comita, Liza and Crone, Elizabeth and Cubaynes, Sarah and Davies, Trevor and de Valpine, Perry and others},
  journal={Methods in Ecology and Evolution},
  volume={4},
  number={6},
  pages={501--512},
  year={2013},
  publisher={Wiley Online Library}
}

@article{buchanan1997simple,
  title={When is simple good enough: a comparison of the Gompertz, Baranyi, and three-phase linear models for fitting bacterial growth curves},
  author={Buchanan, RL and Whiting, RC and Damert, WC},
  journal={Food microbiology},
  volume={14},
  number={4},
  pages={313--326},
  year={1997},
  publisher={Elsevier}
}

@article{grijspeerdt1999estimating,
  title={Estimating the parameters of the Baranyi model for bacterial growth},
  author={Grijspeerdt, Koen and Vanrolleghem, Peter},
  journal={Food microbiology},
  volume={16},
  number={6},
  pages={593--605},
  year={1999},
  publisher={Elsevier}
}

@article{baranyi1995mathematics,
  title={Mathematics of predictive food microbiology},
  author={Baranyi, Jozsef and Roberts, Terry A},
  journal={International journal of food microbiology},
  volume={26},
  number={2},
  pages={199--218},
  year={1995},
  publisher={Elsevier}
}

@article{rolfe2012lag,
  title={Lag phase is a distinct growth phase that prepares bacteria for exponential growth and involves transient metal accumulation},
  author={Rolfe, Matthew D and Rice, Christopher J and Lucchini, Sacha and Pin, Carmen and Thompson, Arthur and Cameron, Andrew DS and Alston, Mark and Stringer, Michael F and Betts, Roy P and Baranyi, J{\'o}zsef and others},
  journal={Journal of bacteriology},
  volume={194},
  number={3},
  pages={686--701},
  year={2012},
  publisher={Am Soc Microbiol}
}

@article{winsor1932gompertz,
  title={The Gompertz curve as a growth curve},
  author={Winsor, Charles P},
  journal={Proceedings of the National Academy of Sciences of the United States of America},
  volume={18},
  number={1},
  pages={1},
  year={1932},
  publisher={National Academy of Sciences}
}

@article{gram2002food,
  title={Food spoilageâ€”interactions between food spoilage bacteria},
  author={Gram, Lone and Ravn, Lars and Rasch, Maria and Bruhn, Jesper Bartholin and Christensen, Allan B and Givskov, Michael},
  journal={International journal of food microbiology},
  volume={78},
  number={1-2},
  pages={79--97},
  year={2002},
  publisher={Elsevier}
}

@article{baty2004estimating,
  title={Estimating the bacterial lag time: which model, which precision?},
  author={Baty, Florent and Delignette-Muller, Marie-Laure},
  journal={International journal of food microbiology},
  volume={91},
  number={3},
  pages={261--277},
  year={2004},
  publisher={Elsevier}
}


@article{aho2014model,
  title={Model selection for ecologists: the worldviews of AIC and BIC},
  author={Aho, Ken and Derryberry, DeWayne and Peterson, Teri},
  journal={Ecology},
  volume={95},
  number={3},
  pages={631--636},
  year={2014},
  publisher={JSTOR}
}

@misc{pawar, 
  title={TheMulQuaBio}, url={https://mhasoba.github.io/TheMulQuaBio/notebooks/20-ModelFitting-NLLS.html}, 
  journal={Model Fitting using Non-linear Least-squares - TheMulQuaBio}, 
  author={Pawar, Samraat}
}